ISA*00*          *00*          *ZZ*SENDERID       *ZZ*RECEIVERID     *260212*1200*^*00501*000000001*0*T*:~GS*HP*SENDER*RECEIVER*20260212*1200*1*X*005010X221A1~ST*835*0001~BPR*I*92.34*C*CHK************20260212~TRN*1*12345*1512345678~N1*PR*MEDICARE PART B*PI*MEDICARE~CLP*PCN123*1*100.00*92.34*0*MC*CLAIM123*11*1~NM1*85*2*TEST BILLING*****XX*1234567893~N4*AUSTIN*TX*78701~NM1*82*1*DOE*JANE****XX*1098765432~DTM*232*20260201~SVC*HC:99214:25*100*92.34**1~CAS*CO*45*7.66~SE*14*0001~GE*1*1~IEA*1*000000001~