ISA*00*          *00*          *ZZ*SENDERID       *ZZ*RECEIVERID     *260317*1200*^*00501*000000001*0*T*:~GS*HP*SENDER*RECEIVER*20260317*1200*1*X*005010X221A1~ST*835*0059~BPR*I*354.69*C*CHK************20260317~TRN*1*100059*1512345678~N1*PR*MEDICARE PART B*PI*MEDICARE~CLP*PCN05901*1*590.11*334.33*0.00*MC*CLM05901*11*1~NM1*85*2*TEST BILLING*****XX*1234567893~N4*DALLAS*TX*75201~NM1*82*1*DOE*JANE****XX*1098765432~DTM*232*20260201~SVC*HC:45380*590.11*334.33**1~DTM*472*20260220~CAS*CO*45*143.29~CLP*PCN05902*1*39.09*20.36*0.00*MC*CLM05902*11*1~NM1*85*2*TEST BILLING*****XX*1234567893~N4*DALLAS*TX*75201~NM1*82*1*DOE*JANE****XX*1098765432~DTM*232*20260202~SVC*HC:97110*39.09*20.36**1~DTM*472*20260201~CAS*CO*45*8.73~SE*24*0059~GE*1*1~IEA*1*000000001~
