ISA*00*          *00*          *ZZ*SENDERID       *ZZ*RECEIVERID     *260317*1200*^*00501*000000001*0*T*:~GS*HP*SENDER*RECEIVER*20260317*1200*1*X*005010X221A1~ST*835*0070~BPR*I*220.96*C*CHK************20260317~TRN*1*100070*1512345678~N1*PR*MEDICARE PART B*PI*MEDICARE~CLP*PCN07001*1*148.10*110.48*27.62*MC*CLM07001*11*1~NM1*85*2*TEST BILLING*****XX*1234567893~N4*DALLAS*TX*75201~NM1*82*1*DOE*JANE****XX*1098765432~DTM*232*20260201~SVC*HC:12002*148.10*110.48**1~DTM*472*20260211~CAS*PR*2*27.62~CLP*PCN07002*1*168.17*110.48*27.62*MC*CLM07002*11*1~NM1*85*2*TEST BILLING*****XX*1234567893~N4*DALLAS*TX*75201~NM1*82*1*DOE*JANE****XX*1098765432~DTM*232*20260202~SVC*HC:12002*168.17*110.48**1~DTM*472*20260212~CAS*PR*2*27.62~SE*24*0070~GE*1*1~IEA*1*000000001~
