ISA*00*          *00*          *ZZ*SENDERID       *ZZ*RECEIVERID     *260317*1200*^*00501*000000001*0*T*:~GS*HP*SENDER*RECEIVER*20260317*1200*1*X*005010X221A1~ST*835*0025~BPR*I*460.45*C*CHK************20260317~TRN*1*100025*1512345678~N1*PR*MEDICARE PART B*PI*MEDICARE~CLP*PCN02501*1*34.33*21.41*0.00*MC*CLM02501*11*1~NM1*85*2*TEST BILLING*****XX*1234567893~N4*AUSTIN*TX*78701~NM1*82*1*DOE*JANE****XX*1098765432~DTM*232*20260201~SVC*HC:71046*34.33*21.41**1~DTM*472*20260206~CAS*CO*45*2.92~CLP*PCN02502*1*613.39*439.04*0.00*MC*CLM02502*11*1~NM1*85*2*TEST BILLING*****XX*1234567893~N4*AUSTIN*TX*78701~NM1*82*1*DOE*JANE****XX*1098765432~DTM*232*20260202~SVC*HC:45380*613.39*439.04**1~DTM*472*20260207~CAS*CO*45*59.87~SE*24*0025~GE*1*1~IEA*1*000000001~
