ISA*00*          *00*          *ZZ*SENDERID       *ZZ*RECEIVERID     *260317*1200*^*00501*000000001*0*T*:~GS*HP*SENDER*RECEIVER*20260317*1200*1*X*005010X221A1~ST*835*0022~BPR*I*69.15*C*CHK************20260317~TRN*1*100022*1512345678~N1*PR*MEDICARE PART B*PI*MEDICARE~CLP*PCN02201*1*80.61*56.49*14.12*MC*CLM02201*11*1~NM1*85*2*TEST BILLING*****XX*1234567893~N4*AUSTIN*TX*78701~NM1*82*1*DOE*JANE****XX*1098765432~DTM*232*20260201~SVC*HC:20610*80.61*56.49**1~DTM*472*20260203~CAS*PR*2*14.12~CLP*PCN02202*1*25.82*12.66*3.16*MC*CLM02202*11*1~NM1*85*2*TEST BILLING*****XX*1234567893~N4*AUSTIN*TX*78701~NM1*82*1*DOE*JANE****XX*1098765432~DTM*232*20260202~SVC*HC:93000*25.82*12.66**1~DTM*472*20260204~CAS*PR*2*3.16~SE*24*0022~GE*1*1~IEA*1*000000001~
