ISA*00*          *00*          *ZZ*SENDERID       *ZZ*RECEIVERID     *260317*1200*^*00501*000000001*0*T*:~GS*HP*SENDER*RECEIVER*20260317*1200*1*X*005010X221A1~ST*835*0091~BPR*I*238.87*C*CHK************20260317~TRN*1*100091*1512345678~N1*PR*MEDICARE PART B*PI*MEDICARE~CLP*PCN09101*1*235.84*186.51*0.00*MC*CLM09101*11*1~NM1*85*2*TEST BILLING*****XX*1234567893~N4*DALLAS*TX*75201~NM1*82*1*DOE*JANE****XX*1098765432~DTM*232*20260201~SVC*HC:20611*235.84*186.51**2~DTM*472*20260212~CAS*CO*45*20.72~CLP*PCN09102*1*72.11*52.36*0.00*MC*CLM09102*11*1~NM1*85*2*TEST BILLING*****XX*1234567893~N4*DALLAS*TX*75201~NM1*82*1*DOE*JANE****XX*1098765432~DTM*232*20260202~SVC*HC:97110*72.11*52.36**2~DTM*472*20260213~CAS*CO*45*5.82~SE*24*0091~GE*1*1~IEA*1*000000001~
