ISA*00*          *00*          *ZZ*SENDERID       *ZZ*RECEIVERID     *260317*1200*^*00501*000000001*0*T*:~GS*HP*SENDER*RECEIVER*20260317*1200*1*X*005010X221A1~ST*835*0004~BPR*I*59.70*C*CHK************20260317~TRN*1*100004*1512345678~N1*PR*MEDICARE PART B*PI*MEDICARE~CLP*PCN00401*1*39.85*29.85*0.00*MC*CLM00401*11*1~NM1*85*2*TEST BILLING*****XX*1234567893~N4*AUSTIN*TX*78701~NM1*82*1*DOE*JANE****XX*1098765432~DTM*232*20260201~SVC*HC:97110*39.85*29.85**1~DTM*472*20260205~CLP*PCN00402*1*39.85*29.85*0.00*MC*CLM00402*11*1~NM1*85*2*TEST BILLING*****XX*1234567893~N4*AUSTIN*TX*78701~NM1*82*1*DOE*JANE****XX*1098765432~DTM*232*20260202~SVC*HC:97110*39.85*29.85**1~DTM*472*20260206~SE*22*0004~GE*1*1~IEA*1*000000001~
