ISA*00*          *00*          *ZZ*SENDERID       *ZZ*RECEIVERID     *260317*1200*^*00501*000000001*0*T*:~GS*HP*SENDER*RECEIVER*20260317*1200*1*X*005010X221A1~ST*835*0037~BPR*I*528.76*C*CHK************20260317~TRN*1*100037*1512345678~N1*PR*MEDICARE PART B*PI*MEDICARE~CLP*PCN03701*1*39.85*29.85*0.00*MC*CLM03701*11*1~NM1*85*2*TEST BILLING*****XX*1234567893~N4*AUSTIN*TX*78701~NM1*82*1*DOE*JANE****XX*1098765432~DTM*232*20260201~SVC*HC:97110*39.85*29.85**1~CLP*PCN03702*1*554.21*498.91*0.00*MC*CLM03702*11*1~NM1*85*2*TEST BILLING*****XX*1234567893~N4*AUSTIN*TX*78701~NM1*82*1*DOE*JANE****XX*1098765432~DTM*232*20260202~SVC*HC:45380*554.21*498.91**1~SE*20*0037~GE*1*1~IEA*1*000000001~
