ISA*00*          *00*          *ZZ*SENDERID       *ZZ*RECEIVERID     *260317*1200*^*00501*000000001*0*T*:~GS*HP*SENDER*RECEIVER*20260317*1200*1*X*005010X221A1~ST*835*0071~BPR*I*436.72*C*CHK************20260317~TRN*1*100071*1512345678~N1*PR*MEDICARE PART B*PI*MEDICARE~CLP*PCN07101*1*506.42*382.10*95.52*MC*CLM07101*11*1~NM1*85*2*TEST BILLING*****XX*1234567893~N4*DALLAS*TX*75201~NM1*82*1*DOE*JANE****XX*1098765432~DTM*232*20260201~SVC*HC:45380*506.42*382.10**1~DTM*472*20260212~CAS*PR*2*95.52~CLP*PCN07102*1*78.27*54.62*13.65*MC*CLM07102*11*1~NM1*85*2*TEST BILLING*****XX*1234567893~N4*DALLAS*TX*75201~NM1*82*1*DOE*JANE****XX*1098765432~DTM*232*20260202~SVC*HC:20610*78.27*54.62**1~DTM*472*20260213~CAS*PR*2*13.65~SE*24*0071~GE*1*1~IEA*1*000000001~
