ISA*00*          *00*          *ZZ*SENDERID       *ZZ*RECEIVERID     *260317*1200*^*00501*000000001*0*T*:~GS*HP*SENDER*RECEIVER*20260317*1200*1*X*005010X221A1~ST*835*0009~BPR*I*698.48*C*CHK************20260317~TRN*1*100009*1512345678~N1*PR*MEDICARE PART B*PI*MEDICARE~CLP*PCN00901*1*569.22*349.24*0.00*MC*CLM00901*11*1~NM1*85*2*TEST BILLING*****XX*1234567893~N4*AUSTIN*TX*78701~NM1*82*1*DOE*JANE****XX*1098765432~DTM*232*20260201~SVC*HC:45380*569.22*349.24**1~DTM*472*20260210~CAS*CO*45*149.67~CLP*PCN00902*1*606.41*349.24*0.00*MC*CLM00902*11*1~NM1*85*2*TEST BILLING*****XX*1234567893~N4*AUSTIN*TX*78701~NM1*82*1*DOE*JANE****XX*1098765432~DTM*232*20260202~SVC*HC:45380*606.41*349.24**1~DTM*472*20260211~CAS*CO*45*149.67~SE*24*0009~GE*1*1~IEA*1*000000001~
