ISA*00*          *00*          *ZZ*SENDERID       *ZZ*RECEIVERID     *260317*1200*^*00501*000000001*0*T*:~GS*HP*SENDER*RECEIVER*20260317*1200*1*X*005010X221A1~ST*835*0026~BPR*I*143.80*C*CHK************20260317~TRN*1*100026*1512345678~N1*PR*MEDICARE PART B*PI*MEDICARE~CLP*PCN02601*1*156.19*122.39*0.00*MC*CLM02601*11*1~NM1*85*2*TEST BILLING*****XX*1234567893~N4*AUSTIN*TX*78701~NM1*82*1*DOE*JANE****XX*1098765432~DTM*232*20260201~SVC*HC:99214:25*156.19*122.39**1~DTM*472*20260207~CAS*CO*45*16.69~CLP*PCN02602*1*34.33*21.41*0.00*MC*CLM02602*11*1~NM1*85*2*TEST BILLING*****XX*1234567893~N4*AUSTIN*TX*78701~NM1*82*1*DOE*JANE****XX*1098765432~DTM*232*20260202~SVC*HC:71046*34.33*21.41**1~DTM*472*20260208~CAS*CO*45*2.92~SE*24*0026~GE*1*1~IEA*1*000000001~
