ISA*00*          *00*          *ZZ*SENDERID       *ZZ*RECEIVERID     *260317*1200*^*00501*000000001*0*T*:~GS*HP*SENDER*RECEIVER*20260317*1200*1*X*005010X221A1~ST*835*0064~BPR*I*87.72*C*CHK************20260317~TRN*1*100064*1512345678~N1*PR*MEDICARE PART B*PI*MEDICARE~CLP*PCN06401*1*80.20*71.68*0.00*MC*CLM06401*11*1~NM1*85*2*TEST BILLING*****XX*1234567893~N4*DALLAS*TX*75201~NM1*82*1*DOE*JANE****XX*1098765432~DTM*232*20260201~SVC*HC:20610*80.20*71.68**1~DTM*472*20260205~CAS*OA*94*0.00~CLP*PCN06402*1*25.28*16.04*0.00*MC*CLM06402*11*1~NM1*85*2*TEST BILLING*****XX*1234567893~N4*DALLAS*TX*75201~NM1*82*1*DOE*JANE****XX*1098765432~DTM*232*20260202~SVC*HC:93000*25.28*16.04**1~DTM*472*20260206~CAS*OA*94*0.00~SE*24*0064~GE*1*1~IEA*1*000000001~
