ISA*00*          *00*          *ZZ*SENDERID       *ZZ*RECEIVERID     *260317*1200*^*00501*000000001*0*T*:~GS*HP*SENDER*RECEIVER*20260317*1200*1*X*005010X221A1~ST*835*0042~BPR*I*312.75*C*CHK************20260317~TRN*1*100042*1512345678~N1*PR*MEDICARE PART B*PI*MEDICARE~CLP*PCN04201*1*72.44*53.72*0.00*MC*CLM04201*11*1~NM1*85*2*TEST BILLING*****XX*1234567893~N4*AUSTIN*TX*78701~NM1*82*1*DOE*JANE****XX*1098765432~DTM*232*20260201~SVC*HC:97110*72.44*53.72**2~DTM*472*20260203~CAS*CO*45*5.97~CLP*PCN04202*1*357.57*259.03*0.00*MC*CLM04202*11*1~NM1*85*2*TEST BILLING*****XX*1234567893~N4*AUSTIN*TX*78701~NM1*82*1*DOE*JANE****XX*1098765432~DTM*232*20260202~SVC*HC:12002*357.57*259.03**2~DTM*472*20260204~CAS*CO*45*28.78~SE*24*0042~GE*1*1~IEA*1*000000001~
