ISA*00*          *00*          *ZZ*SENDERID       *ZZ*RECEIVERID     *260317*1200*^*00501*000000001*0*T*:~GS*HP*SENDER*RECEIVER*20260317*1200*1*X*005010X221A1~ST*835*0073~BPR*I*440.47*C*CHK************20260317~TRN*1*100073*1512345678~N1*PR*MEDICARE PART B*PI*MEDICARE~CLP*PCN07301*1*32.91*20.16*0.00*MC*CLM07301*11*1~NM1*85*2*TEST BILLING*****XX*1234567893~N4*DALLAS*TX*75201~NM1*82*1*DOE*JANE****XX*1098765432~DTM*232*20260201~SVC*HC:71046*32.91*20.16**1~DTM*472*20260214~CAS*CO*45*2.75~CLP*PCN07302*1*528.09*420.31*0.00*MC*CLM07302*11*1~NM1*85*2*TEST BILLING*****XX*1234567893~N4*DALLAS*TX*75201~NM1*82*1*DOE*JANE****XX*1098765432~DTM*232*20260202~SVC*HC:45380*528.09*420.31**1~DTM*472*20260215~CAS*CO*45*57.31~SE*24*0073~GE*1*1~IEA*1*000000001~
