ISA*00*          *00*          *ZZ*SENDERID       *ZZ*RECEIVERID     *260317*1200*^*00501*000000001*0*T*:~GS*HP*SENDER*RECEIVER*20260317*1200*1*X*005010X221A1~ST*835*0008~BPR*I*255.90*C*CHK************20260317~TRN*1*100008*1512345678~N1*PR*MEDICARE PART B*PI*MEDICARE~CLP*PCN00801*1*164.60*127.95*0.00*MC*CLM00801*11*1~NM1*85*2*TEST BILLING*****XX*1234567893~N4*AUSTIN*TX*78701~NM1*82*1*DOE*JANE****XX*1098765432~DTM*232*20260201~SVC*HC:99214:25*164.60*127.95**1~DTM*472*20260209~CAS*CO*45*11.13~CLP*PCN00802*1*156.74*127.95*0.00*MC*CLM00802*11*1~NM1*85*2*TEST BILLING*****XX*1234567893~N4*AUSTIN*TX*78701~NM1*82*1*DOE*JANE****XX*1098765432~DTM*232*20260202~SVC*HC:99214:25*156.74*127.95**1~DTM*472*20260210~CAS*CO*45*11.13~SE*24*0008~GE*1*1~IEA*1*000000001~
