ISA*00*          *00*          *ZZ*SENDERID       *ZZ*RECEIVERID     *260317*1200*^*00501*000000001*0*T*:~GS*HP*SENDER*RECEIVER*20260317*1200*1*X*005010X221A1~ST*835*0055~BPR*I*158.13*C*CHK************20260317~TRN*1*100055*1512345678~N1*PR*MEDICARE PART B*PI*MEDICARE~CLP*PCN05501*1*80.51*62.81*0.00*MC*CLM05501*11*1~NM1*85*2*TEST BILLING*****XX*1234567893~N4*DALLAS*TX*75201~NM1*82*1*DOE*JANE****XX*1098765432~DTM*232*20260201~SVC*HC:20610*80.51*62.81**1~DTM*472*20260216~CAS*CO*45*5.46~CLP*PCN05502*1*117.21*95.32*0.00*MC*CLM05502*11*1~NM1*85*2*TEST BILLING*****XX*1234567893~N4*DALLAS*TX*75201~NM1*82*1*DOE*JANE****XX*1098765432~DTM*232*20260202~SVC*HC:20611*117.21*95.32**1~DTM*472*20260217~CAS*CO*45*8.29~SE*24*0055~GE*1*1~IEA*1*000000001~
