ISA*00*          *00*          *ZZ*SENDERID       *ZZ*RECEIVERID     *260317*1200*^*00501*000000001*0*T*:~GS*HP*SENDER*RECEIVER*20260317*1200*1*X*005010X221A1~ST*835*0020~BPR*I*36.50*C*CHK************20260317~TRN*1*100020*1512345678~N1*PR*MEDICARE PART B*PI*MEDICARE~CLP*PCN02001*1*34.33*18.25*6.08*MC*CLM02001*11*1~NM1*85*2*TEST BILLING*****XX*1234567893~N4*AUSTIN*TX*78701~NM1*82*1*DOE*JANE****XX*1098765432~DTM*232*20260201~SVC*HC:71046*34.33*18.25**1~DTM*472*20260201~CAS*PR*1*6.08~CLP*PCN02002*1*34.33*18.25*6.08*MC*CLM02002*11*1~NM1*85*2*TEST BILLING*****XX*1234567893~N4*AUSTIN*TX*78701~NM1*82*1*DOE*JANE****XX*1098765432~DTM*232*20260202~SVC*HC:71046*34.33*18.25**1~DTM*472*20260202~CAS*PR*1*6.08~SE*24*0020~GE*1*1~IEA*1*000000001~
