ISA*00*          *00*          *ZZ*SENDERID       *ZZ*RECEIVERID     *260317*1200*^*00501*000000001*0*T*:~GS*HP*SENDER*RECEIVER*20260317*1200*1*X*005010X221A1~ST*835*0027~BPR*I*452.96*C*CHK************20260317~TRN*1*100027*1512345678~N1*PR*MEDICARE PART B*PI*MEDICARE~CLP*PCN02701*1*539.41*439.04*0.00*MC*CLM02701*11*1~NM1*85*2*TEST BILLING*****XX*1234567893~N4*AUSTIN*TX*78701~NM1*82*1*DOE*JANE****XX*1098765432~DTM*232*20260201~SVC*HC:45380*539.41*439.04**1~DTM*472*20260208~CAS*CO*45*59.87~CLP*PCN02702*1*25.82*13.92*0.00*MC*CLM02702*11*1~NM1*85*2*TEST BILLING*****XX*1234567893~N4*AUSTIN*TX*78701~NM1*82*1*DOE*JANE****XX*1098765432~DTM*232*20260202~SVC*HC:93000*25.82*13.92**1~DTM*472*20260209~CAS*CO*45*1.90~SE*24*0027~GE*1*1~IEA*1*000000001~
