ISA*00*          *00*          *ZZ*SENDERID       *ZZ*RECEIVERID     *260317*1200*^*00501*000000001*0*T*:~GS*HP*SENDER*RECEIVER*20260317*1200*1*X*005010X221A1~ST*835*0012~BPR*I*146.79*C*CHK************20260317~TRN*1*100012*1512345678~N1*PR*MEDICARE PART B*PI*MEDICARE~CLP*PCN01201*1*80.61*49.43*0.00*MC*CLM01201*11*1~NM1*85*2*TEST BILLING*****XX*1234567893~N4*AUSTIN*TX*78701~NM1*82*1*DOE*JANE****XX*1098765432~DTM*232*20260201~SVC*HC:20610*80.61*49.43**1~DTM*472*20260213~CAS*CO*45*21.18~CLP*PCN01202*1*172.74*97.36*0.00*MC*CLM01202*11*1~NM1*85*2*TEST BILLING*****XX*1234567893~N4*AUSTIN*TX*78701~NM1*82*1*DOE*JANE****XX*1098765432~DTM*232*20260202~SVC*HC:99214:25*172.74*97.36**1~DTM*472*20260214~CAS*CO*45*41.72~SE*24*0012~GE*1*1~IEA*1*000000001~
