ISA*00*          *00*          *ZZ*SENDERID       *ZZ*RECEIVERID     *260317*1200*^*00501*000000001*0*T*:~GS*HP*SENDER*RECEIVER*20260317*1200*1*X*005010X221A1~ST*835*0028~BPR*I*216.95*C*CHK************20260317~TRN*1*100028*1512345678~N1*PR*MEDICARE PART B*PI*MEDICARE~CLP*PCN02801*1*117.45*94.56*0.00*MC*CLM02801*11*1~NM1*85*2*TEST BILLING*****XX*1234567893~N4*AUSTIN*TX*78701~NM1*82*1*DOE*JANE****XX*1098765432~DTM*232*20260201~SVC*HC:20611*117.45*94.56**1~DTM*472*20260209~CAS*CO*45*12.89~CLP*PCN02802*1*171.23*122.39*0.00*MC*CLM02802*11*1~NM1*85*2*TEST BILLING*****XX*1234567893~N4*AUSTIN*TX*78701~NM1*82*1*DOE*JANE****XX*1098765432~DTM*232*20260202~SVC*HC:99214:25*171.23*122.39**1~DTM*472*20260210~CAS*CO*45*16.69~SE*24*0028~GE*1*1~IEA*1*000000001~
