ISA*00*          *00*          *ZZ*SENDERID       *ZZ*RECEIVERID     *260317*1200*^*00501*000000001*0*T*:~GS*HP*SENDER*RECEIVER*20260317*1200*1*X*005010X221A1~ST*835*0023~BPR*I*201.09*C*CHK************20260317~TRN*1*100023*1512345678~N1*PR*MEDICARE PART B*PI*MEDICARE~CLP*PCN02301*1*162.02*115.13*28.78*MC*CLM02301*11*1~NM1*85*2*TEST BILLING*****XX*1234567893~N4*AUSTIN*TX*78701~NM1*82*1*DOE*JANE****XX*1098765432~DTM*232*20260201~SVC*HC:12002*162.02*115.13**1~DTM*472*20260204~CAS*PR*2*28.78~CLP*PCN02302*1*117.45*85.96*21.49*MC*CLM02302*11*1~NM1*85*2*TEST BILLING*****XX*1234567893~N4*AUSTIN*TX*78701~NM1*82*1*DOE*JANE****XX*1098765432~DTM*232*20260202~SVC*HC:20611*117.45*85.96**1~DTM*472*20260205~CAS*PR*2*21.49~SE*24*0023~GE*1*1~IEA*1*000000001~
