ISA*00*          *00*          *ZZ*SENDERID       *ZZ*RECEIVERID     *260317*1200*^*00501*000000001*0*T*:~GS*HP*SENDER*RECEIVER*20260317*1200*1*X*005010X221A1~ST*835*0083~BPR*I*1058.98*C*CHK************20260317~TRN*1*100083*1512345678~N1*PR*MEDICARE PART B*PI*MEDICARE~CLP*PCN08301*1*622.60*468.50*0.00*MC*CLM08301*11*1~NM1*85*2*TEST BILLING*****XX*1234567893~N4*DALLAS*TX*75201~NM1*82*1*DOE*JANE****XX*1098765432~DTM*232*20260201~SVC*HC:97110*39.09*29.09**1~DTM*472*20260204~SVC*HC:45380*583.51*439.41**1~DTM*472*20260205~CAS*CO*45*38.21~CLP*PCN08302*1*180.81*135.79*0.00*MC*CLM08302*11*1~NM1*85*2*TEST BILLING*****XX*1234567893~N4*DALLAS*TX*75201~NM1*82*1*DOE*JANE****XX*1098765432~DTM*232*20260202~SVC*HC:99214:25*155.53*121.73**1~DTM*472*20260205~CAS*CO*45*13.52~SVC*HC:93000*25.28*14.06**1~DTM*472*20260206~CAS*CO*45*1.22~CLP*PCN08303*1*614.62*454.69*0.00*MC*CLM08303*11*1~NM1*85*2*TEST BILLING*****XX*1234567893~N4*DALLAS*TX*75201~NM1*82*1*DOE*JANE****XX*1098765432~DTM*232*20260203~SVC*HC:93000*25.28*15.28**1~DTM*472*20260206~SVC*HC:45380*589.34*439.41**1~DTM*472*20260207~CAS*CO*45*38.21~SE*39*0083~GE*1*1~IEA*1*000000001~
