ISA*00*          *00*          *ZZ*SENDERID       *ZZ*RECEIVERID     *260317*1200*^*00501*000000001*0*T*:~GS*HP*SENDER*RECEIVER*20260317*1200*1*X*005010X221A1~ST*835*0035~BPR*I*566.03*C*CHK************20260317~TRN*1*100035*1512345678~N1*PR*MEDICARE PART B*PI*MEDICARE~CLP*PCN03501*1*196.16*166.29*0.00*MC*CLM03501*11*1~NM1*85*2*TEST BILLING*****XX*1234567893~N4*AUSTIN*TX*78701~NM1*82*1*DOE*JANE****XX*1098765432~DTM*232*20260201~SVC*HC:12002*161.83*143.91**1~DTM*472*20260216~SVC*HC:71046*34.33*22.38**1~DTM*472*20260217~CAS*CO*45*1.95~CLP*PCN03502*1*219.53*156.98*0.00*MC*CLM03502*11*1~NM1*85*2*TEST BILLING*****XX*1234567893~N4*AUSTIN*TX*78701~NM1*82*1*DOE*JANE****XX*1098765432~DTM*232*20260202~SVC*HC:12002*179.68*129.52**1~DTM*472*20260217~CAS*CO*45*14.39~SVC*HC:97110*39.85*27.46**1~DTM*472*20260218~CAS*CO*45*2.39~CLP*PCN03503*1*297.33*242.76*0.00*MC*CLM03503*11*1~NM1*85*2*TEST BILLING*****XX*1234567893~N4*AUSTIN*TX*78701~NM1*82*1*DOE*JANE****XX*1098765432~DTM*232*20260203~SVC*HC:12002*175.40*143.91**1~DTM*472*20260218~SVC*HC:20611*121.93*98.85**1~DTM*472*20260219~CAS*CO*45*8.60~SE*39*0035~GE*1*1~IEA*1*000000001~
