ISA*00*          *00*          *ZZ*SENDERID       *ZZ*RECEIVERID     *260317*1200*^*00501*000000001*0*T*:~GS*HP*SENDER*RECEIVER*20260317*1200*1*X*005010X221A1~ST*835*0043~BPR*I*155.58*C*CHK************20260317~TRN*1*100043*1512345678~N1*PR*MEDICARE PART B*PI*MEDICARE~CLP*PCN04301*1*41.65*28.48*0.00*MC*CLM04301*11*1~NM1*85*2*TEST BILLING*****XX*1234567893~N4*AUSTIN*TX*78701~NM1*82*1*DOE*JANE****XX*1098765432~DTM*232*20260201~SVC*HC:93000*41.65*28.48**2~DTM*472*20260204~CAS*CO*45*3.17~CLP*PCN04302*1*151.22*127.10*0.00*MC*CLM04302*11*1~NM1*85*2*TEST BILLING*****XX*1234567893~N4*AUSTIN*TX*78701~NM1*82*1*DOE*JANE****XX*1098765432~DTM*232*20260202~SVC*HC:20610*151.22*127.10**2~DTM*472*20260205~CAS*CO*45*14.12~SE*24*0043~GE*1*1~IEA*1*000000001~
