ISA*00*          *00*          *ZZ*SENDERID       *ZZ*RECEIVERID     *260317*1200*^*00501*000000001*0*T*:~GS*HP*SENDER*RECEIVER*20260317*1200*1*X*005010X221A1~ST*835*0007~BPR*I*87.34*C*CHK************20260317~TRN*1*100007*1512345678~N1*PR*MEDICARE PART B*PI*MEDICARE~CLP*PCN00701*1*80.61*64.96*0.00*MC*CLM00701*11*1~NM1*85*2*TEST BILLING*****XX*1234567893~N4*AUSTIN*TX*78701~NM1*82*1*DOE*JANE****XX*1098765432~DTM*232*20260201~SVC*HC:20610*80.61*64.96**1~DTM*472*20260208~CAS*CO*45*5.65~CLP*PCN00702*1*34.33*22.38*0.00*MC*CLM00702*11*1~NM1*85*2*TEST BILLING*****XX*1234567893~N4*AUSTIN*TX*78701~NM1*82*1*DOE*JANE****XX*1098765432~DTM*232*20260202~SVC*HC:71046*34.33*22.38**1~DTM*472*20260209~CAS*CO*45*1.95~SE*24*0007~GE*1*1~IEA*1*000000001~
