ISA*00*          *00*          *ZZ*SENDERID       *ZZ*RECEIVERID     *260317*1200*^*00501*000000001*0*T*:~GS*HP*SENDER*RECEIVER*20260317*1200*1*X*005010X221A1~ST*835*0066~BPR*I*449.44*C*CHK************20260317~TRN*1*100066*1512345678~N1*PR*MEDICARE PART B*PI*MEDICARE~CLP*PCN06601*1*39.09*21.82*7.27*MC*CLM06601*11*1~NM1*85*2*TEST BILLING*****XX*1234567893~N4*DALLAS*TX*75201~NM1*82*1*DOE*JANE****XX*1098765432~DTM*232*20260201~SVC*HC:97110*39.09*21.82**1~DTM*472*20260207~CAS*PR*1*7.27~CLP*PCN06602*1*567.01*427.62*50.00*MC*CLM06602*11*1~NM1*85*2*TEST BILLING*****XX*1234567893~N4*DALLAS*TX*75201~NM1*82*1*DOE*JANE****XX*1098765432~DTM*232*20260202~SVC*HC:45380*567.01*427.62**1~DTM*472*20260208~CAS*PR*1*50.00~SE*24*0066~GE*1*1~IEA*1*000000001~
