ISA*00*          *00*          *ZZ*SENDERID       *ZZ*RECEIVERID     *260317*1200*^*00501*000000001*0*T*:~GS*HP*SENDER*RECEIVER*20260317*1200*1*X*005010X221A1~ST*835*0079~BPR*I*55.28*C*CHK************20260317~TRN*1*100079*1512345678~N1*PR*MEDICARE PART B*PI*MEDICARE~CLP*PCN07901*1*39.09*27.64*0.00*MC*CLM07901*11*1~NM1*85*2*TEST BILLING*****XX*1234567893~N4*DALLAS*TX*75201~NM1*82*1*DOE*JANE****XX*1098765432~DTM*232*20260201~SVC*HC:97110:59*39.09*27.64**1~DTM*472*20260220~CAS*CO*45*1.45~CLP*PCN07902*1*39.09*27.64*0.00*MC*CLM07902*11*1~NM1*85*2*TEST BILLING*****XX*1234567893~N4*DALLAS*TX*75201~NM1*82*1*DOE*JANE****XX*1098765432~DTM*232*20260202~SVC*HC:97110:59*39.09*27.64**1~DTM*472*20260201~CAS*CO*45*1.45~SE*24*0079~GE*1*1~IEA*1*000000001~
