ISA*00*          *00*          *ZZ*SENDERID       *ZZ*RECEIVERID     *260317*1200*^*00501*000000001*0*T*:~GS*HP*SENDER*RECEIVER*20260317*1200*1*X*005010X221A1~ST*835*0002~BPR*I*214.90*C*CHK************20260317~TRN*1*100002*1512345678~N1*PR*MEDICARE PART B*PI*MEDICARE~CLP*PCN00201*1*118.40*107.45*0.00*MC*CLM00201*11*1~NM1*85*2*TEST BILLING*****XX*1234567893~N4*AUSTIN*TX*78701~NM1*82*1*DOE*JANE****XX*1098765432~DTM*232*20260201~SVC*HC:20611*118.40*107.45**1~DTM*472*20260203~CLP*PCN00202*1*118.06*107.45*0.00*MC*CLM00202*11*1~NM1*85*2*TEST BILLING*****XX*1234567893~N4*AUSTIN*TX*78701~NM1*82*1*DOE*JANE****XX*1098765432~DTM*232*20260202~SVC*HC:20611*118.06*107.45**1~DTM*472*20260204~SE*22*0002~GE*1*1~IEA*1*000000001~
