ISA*00*          *00*          *ZZ*SENDERID       *ZZ*RECEIVERID     *260317*1200*^*00501*000000001*0*T*:~GS*HP*SENDER*RECEIVER*20260317*1200*1*X*005010X221A1~ST*835*0034~BPR*I*854.52*C*CHK************20260317~TRN*1*100034*1512345678~N1*PR*MEDICARE PART B*PI*MEDICARE~CLP*PCN03401*1*202.19*172.41*0.00*MC*CLM03401*11*1~NM1*85*2*TEST BILLING*****XX*1234567893~N4*AUSTIN*TX*78701~NM1*82*1*DOE*JANE****XX*1098765432~DTM*232*20260201~SVC*HC:20611*117.45*107.45**1~DTM*472*20260215~SVC*HC:20610*84.74*64.96**1~DTM*472*20260216~CAS*CO*45*5.65~CLP*PCN03402*1*106.43*79.20*0.00*MC*CLM03402*11*1~NM1*85*2*TEST BILLING*****XX*1234567893~N4*AUSTIN*TX*78701~NM1*82*1*DOE*JANE****XX*1098765432~DTM*232*20260202~SVC*HC:93000*25.82*14.24**1~DTM*472*20260216~CAS*CO*45*1.58~SVC*HC:20610*80.61*64.96**1~DTM*472*20260217~CAS*CO*45*5.65~CLP*PCN03403*1*732.77*602.91*0.00*MC*CLM03403*11*1~NM1*85*2*TEST BILLING*****XX*1234567893~N4*AUSTIN*TX*78701~NM1*82*1*DOE*JANE****XX*1098765432~DTM*232*20260203~SVC*HC:12002*165.01*143.91**1~DTM*472*20260217~SVC*HC:45380*567.76*459.00**1~DTM*472*20260218~CAS*CO*45*39.91~SE*39*0034~GE*1*1~IEA*1*000000001~
