ISA*00*          *00*          *ZZ*SENDERID       *ZZ*RECEIVERID     *260317*1200*^*00501*000000001*0*T*:~GS*HP*SENDER*RECEIVER*20260317*1200*1*X*005010X221A1~ST*835*0081~BPR*I*760.52*C*CHK************20260317~TRN*1*100081*1512345678~N1*PR*MEDICARE PART B*PI*MEDICARE~CLP*PCN08101*1*72.00*50.17*0.00*MC*CLM08101*11*1~NM1*85*2*TEST BILLING*****XX*1234567893~N4*DALLAS*TX*75201~NM1*82*1*DOE*JANE****XX*1098765432~DTM*232*20260201~SVC*HC:97110*39.09*29.09**1~DTM*472*20260202~SVC*HC:71046*32.91*21.08**1~DTM*472*20260203~CAS*CO*45*1.83~CLP*PCN08102*1*289.16*217.68*0.00*MC*CLM08102*11*1~NM1*85*2*TEST BILLING*****XX*1234567893~N4*DALLAS*TX*75201~NM1*82*1*DOE*JANE****XX*1098765432~DTM*232*20260202~SVC*HC:20611*129.40*93.25**1~DTM*472*20260203~CAS*CO*45*10.36~SVC*HC:99214:25*159.76*124.43**1~DTM*472*20260204~CAS*CO*45*10.82~CLP*PCN08103*1*638.39*492.67*0.00*MC*CLM08103*11*1~NM1*85*2*TEST BILLING*****XX*1234567893~N4*DALLAS*TX*75201~NM1*82*1*DOE*JANE****XX*1098765432~DTM*232*20260203~SVC*HC:45380*558.52*429.86**1~DTM*472*20260204~CAS*CO*45*47.76~SVC*HC:20610*79.87*62.81**1~DTM*472*20260205~CAS*CO*45*5.46~SE*40*0081~GE*1*1~IEA*1*000000001~
