ISA*00*          *00*          *ZZ*SENDERID       *ZZ*RECEIVERID     *260317*1200*^*00501*000000001*0*T*:~GS*HP*SENDER*RECEIVER*20260317*1200*1*X*005010X221A1~ST*835*0072~BPR*I*394.32*C*CHK************20260317~TRN*1*100072*1512345678~N1*PR*MEDICARE PART B*PI*MEDICARE~CLP*PCN07201*1*25.28*12.22*3.06*MC*CLM07201*11*1~NM1*85*2*TEST BILLING*****XX*1234567893~N4*DALLAS*TX*75201~NM1*82*1*DOE*JANE****XX*1098765432~DTM*232*20260201~SVC*HC:93000*25.28*12.22**1~DTM*472*20260213~CAS*PR*2*3.06~CLP*PCN07202*1*551.32*382.10*95.52*MC*CLM07202*11*1~NM1*85*2*TEST BILLING*****XX*1234567893~N4*DALLAS*TX*75201~NM1*82*1*DOE*JANE****XX*1098765432~DTM*232*20260202~SVC*HC:45380*551.32*382.10**1~DTM*472*20260214~CAS*PR*2*95.52~SE*24*0072~GE*1*1~IEA*1*000000001~
