ISA*00*          *00*          *ZZ*SENDERID       *ZZ*RECEIVERID     *260317*1200*^*00501*000000001*0*T*:~GS*HP*SENDER*RECEIVER*20260317*1200*1*X*005010X221A1~ST*835*0052~BPR*I*206.37*C*CHK************20260317~TRN*1*100052*1512345678~N1*PR*MEDICARE PART B*PI*MEDICARE~CLP*PCN05201*1*78.70*68.27*0.00*MC*CLM05201*11*1~NM1*85*2*TEST BILLING*****XX*1234567893~N4*DALLAS*TX*75201~NM1*82*1*DOE*JANE****XX*1098765432~DTM*232*20260201~SVC*HC:20610*78.70*68.27**1~DTM*472*20260213~CLP*PCN05202*1*148.10*138.10*0.00*MC*CLM05202*11*1~NM1*85*2*TEST BILLING*****XX*1234567893~N4*DALLAS*TX*75201~NM1*82*1*DOE*JANE****XX*1098765432~DTM*232*20260202~SVC*HC:12002*148.10*138.10**1~DTM*472*20260214~SE*22*0052~GE*1*1~IEA*1*000000001~
