ISA*00*          *00*          *ZZ*SENDERID       *ZZ*RECEIVERID     *260317*1200*^*00501*000000001*0*T*:~GS*HP*SENDER*RECEIVER*20260317*1200*1*X*005010X221A1~ST*835*0090~BPR*I*55.02*C*CHK************20260317~TRN*1*100090*1512345678~N1*PR*MEDICARE PART B*PI*MEDICARE~CLP*PCN09001*1*40.57*27.51*0.00*MC*CLM09001*11*1~NM1*85*2*TEST BILLING*****XX*1234567893~N4*DALLAS*TX*75201~NM1*82*1*DOE*JANE****XX*1098765432~DTM*232*20260201~SVC*HC:93000*40.57*27.51**2~DTM*472*20260211~CAS*CO*45*3.06~CLP*PCN09002*1*40.57*27.51*0.00*MC*CLM09002*11*1~NM1*85*2*TEST BILLING*****XX*1234567893~N4*DALLAS*TX*75201~NM1*82*1*DOE*JANE****XX*1098765432~DTM*232*20260202~SVC*HC:93000*40.57*27.51**2~DTM*472*20260212~CAS*CO*45*3.06~SE*24*0090~GE*1*1~IEA*1*000000001~
