ISA*00*          *00*          *ZZ*SENDERID       *ZZ*RECEIVERID     *260317*1200*^*00501*000000001*0*T*:~GS*HP*SENDER*RECEIVER*20260317*1200*1*X*005010X221A1~ST*835*0060~BPR*I*350.37*C*CHK************20260317~TRN*1*100060*1512345678~N1*PR*MEDICARE PART B*PI*MEDICARE~CLP*PCN06001*1*555.95*334.33*0.00*MC*CLM06001*11*1~NM1*85*2*TEST BILLING*****XX*1234567893~N4*DALLAS*TX*75201~NM1*82*1*DOE*JANE****XX*1098765432~DTM*232*20260201~SVC*HC:45380*555.95*334.33**1~DTM*472*20260201~CAS*CO*45*143.29~CLP*PCN06002*1*32.91*16.04*0.00*MC*CLM06002*11*1~NM1*85*2*TEST BILLING*****XX*1234567893~N4*DALLAS*TX*75201~NM1*82*1*DOE*JANE****XX*1098765432~DTM*232*20260202~SVC*HC:71046*32.91*16.04**1~DTM*472*20260202~CAS*CO*45*6.87~SE*24*0060~GE*1*1~IEA*1*000000001~
