ISA*00*          *00*          *ZZ*SENDERID       *ZZ*RECEIVERID     *260317*1200*^*00501*000000001*0*T*:~GS*HP*SENDER*RECEIVER*20260317*1200*1*X*005010X221A1~ST*835*0068~BPR*I*123.26*C*CHK************20260317~TRN*1*100068*1512345678~N1*PR*MEDICARE PART B*PI*MEDICARE~CLP*PCN06801*1*167.56*101.44*33.81*MC*CLM06801*11*1~NM1*85*2*TEST BILLING*****XX*1234567893~N4*DALLAS*TX*75201~NM1*82*1*DOE*JANE****XX*1098765432~DTM*232*20260201~SVC*HC:99214:25*167.56*101.44**1~DTM*472*20260209~CAS*PR*1*33.81~CLP*PCN06802*1*39.09*21.82*7.27*MC*CLM06802*11*1~NM1*85*2*TEST BILLING*****XX*1234567893~N4*DALLAS*TX*75201~NM1*82*1*DOE*JANE****XX*1098765432~DTM*232*20260202~SVC*HC:97110*39.09*21.82**1~DTM*472*20260210~CAS*PR*1*7.27~SE*24*0068~GE*1*1~IEA*1*000000001~
