ISA*00*          *00*          *ZZ*SENDERID       *ZZ*RECEIVERID     *260317*1200*^*00501*000000001*0*T*:~GS*HP*SENDER*RECEIVER*20260317*1200*1*X*005010X221A1~ST*835*0057~BPR*I*431.00*C*CHK************20260317~TRN*1*100057*1512345678~N1*PR*MEDICARE PART B*PI*MEDICARE~CLP*PCN05701*1*166.46*96.67*0.00*MC*CLM05701*11*1~NM1*85*2*TEST BILLING*****XX*1234567893~N4*DALLAS*TX*75201~NM1*82*1*DOE*JANE****XX*1098765432~DTM*232*20260201~SVC*HC:12002*166.46*96.67**1~DTM*472*20260218~CAS*CO*45*41.43~CLP*PCN05702*1*542.37*334.33*0.00*MC*CLM05702*11*1~NM1*85*2*TEST BILLING*****XX*1234567893~N4*DALLAS*TX*75201~NM1*82*1*DOE*JANE****XX*1098765432~DTM*232*20260202~SVC*HC:45380*542.37*334.33**1~DTM*472*20260219~CAS*CO*45*143.29~SE*24*0057~GE*1*1~IEA*1*000000001~
