ISA*00*          *00*          *ZZ*SENDERID       *ZZ*RECEIVERID     *260317*1200*^*00501*000000001*0*T*:~GS*HP*SENDER*RECEIVER*20260317*1200*1*X*005010X221A1~ST*835*0054~BPR*I*254.10*C*CHK************20260317~TRN*1*100054*1512345678~N1*PR*MEDICARE PART B*PI*MEDICARE~CLP*PCN05401*1*148.63*127.05*0.00*MC*CLM05401*11*1~NM1*85*2*TEST BILLING*****XX*1234567893~N4*DALLAS*TX*75201~NM1*82*1*DOE*JANE****XX*1098765432~DTM*232*20260201~SVC*HC:12002*148.63*127.05**1~DTM*472*20260215~CAS*CO*45*11.05~CLP*PCN05402*1*155.72*127.05*0.00*MC*CLM05402*11*1~NM1*85*2*TEST BILLING*****XX*1234567893~N4*DALLAS*TX*75201~NM1*82*1*DOE*JANE****XX*1098765432~DTM*232*20260202~SVC*HC:12002*155.72*127.05**1~DTM*472*20260216~CAS*CO*45*11.05~SE*24*0054~GE*1*1~IEA*1*000000001~
