ISA*00*          *00*          *ZZ*SENDERID       *ZZ*RECEIVERID     *260317*1200*^*00501*000000001*0*T*:~GS*HP*SENDER*RECEIVER*20260317*1200*1*X*005010X221A1~ST*835*0018~BPR*I*188.52*C*CHK************20260317~TRN*1*100018*1512345678~N1*PR*MEDICARE PART B*PI*MEDICARE~CLP*PCN01801*1*117.76*80.59*26.86*MC*CLM01801*11*1~NM1*85*2*TEST BILLING*****XX*1234567893~N4*AUSTIN*TX*78701~NM1*82*1*DOE*JANE****XX*1098765432~DTM*232*20260201~SVC*HC:20611*117.76*80.59**1~DTM*472*20260219~CAS*PR*1*26.86~CLP*PCN01802*1*169.63*107.93*35.98*MC*CLM01802*11*1~NM1*85*2*TEST BILLING*****XX*1234567893~N4*AUSTIN*TX*78701~NM1*82*1*DOE*JANE****XX*1098765432~DTM*232*20260202~SVC*HC:12002*169.63*107.93**1~DTM*472*20260220~CAS*PR*1*35.98~SE*24*0018~GE*1*1~IEA*1*000000001~
