ISA*00*          *00*          *ZZ*SENDERID       *ZZ*RECEIVERID     *260317*1200*^*00501*000000001*0*T*:~GS*HP*SENDER*RECEIVER*20260317*1200*1*X*005010X221A1~ST*835*0017~BPR*I*157.27*C*CHK************20260317~TRN*1*100017*1512345678~N1*PR*MEDICARE PART B*PI*MEDICARE~CLP*PCN01701*1*152.60*104.31*34.77*MC*CLM01701*11*1~NM1*85*2*TEST BILLING*****XX*1234567893~N4*AUSTIN*TX*78701~NM1*82*1*DOE*JANE****XX*1098765432~DTM*232*20260201~SVC*HC:99214:25*152.60*104.31**1~DTM*472*20260218~CAS*PR*1*34.77~CLP*PCN01702*1*83.19*52.96*17.65*MC*CLM01702*11*1~NM1*85*2*TEST BILLING*****XX*1234567893~N4*AUSTIN*TX*78701~NM1*82*1*DOE*JANE****XX*1098765432~DTM*232*20260202~SVC*HC:20610*83.19*52.96**1~DTM*472*20260219~CAS*PR*1*17.65~SE*24*0017~GE*1*1~IEA*1*000000001~
