ISA*00*          *00*          *ZZ*SENDERID       *ZZ*RECEIVERID     *260317*1200*^*00501*000000001*0*T*:~GS*HP*SENDER*RECEIVER*20260317*1200*1*X*005010X221A1~ST*835*0024~BPR*I*134.59*C*CHK************20260317~TRN*1*100024*1512345678~N1*PR*MEDICARE PART B*PI*MEDICARE~CLP*PCN02401*1*34.33*19.46*4.87*MC*CLM02401*11*1~NM1*85*2*TEST BILLING*****XX*1234567893~N4*AUSTIN*TX*78701~NM1*82*1*DOE*JANE****XX*1098765432~DTM*232*20260201~SVC*HC:71046*34.33*19.46**1~DTM*472*20260205~CAS*PR*2*4.87~CLP*PCN02402*1*172.18*115.13*28.78*MC*CLM02402*11*1~NM1*85*2*TEST BILLING*****XX*1234567893~N4*AUSTIN*TX*78701~NM1*82*1*DOE*JANE****XX*1098765432~DTM*232*20260202~SVC*HC:12002*172.18*115.13**1~DTM*472*20260206~CAS*PR*2*28.78~SE*24*0024~GE*1*1~IEA*1*000000001~
