ISA*00*          *00*          *ZZ*SENDERID       *ZZ*RECEIVERID     *260317*1200*^*00501*000000001*0*T*:~GS*HP*SENDER*RECEIVER*20260317*1200*1*X*005010X221A1~ST*835*0033~BPR*I*1267.61*C*CHK************20260317~TRN*1*100033*1512345678~N1*PR*MEDICARE PART B*PI*MEDICARE~CLP*PCN03301*1*605.83*529.61*0.00*MC*CLM03301*11*1~NM1*85*2*TEST BILLING*****XX*1234567893~N4*AUSTIN*TX*78701~NM1*82*1*DOE*JANE****XX*1098765432~DTM*232*20260201~SVC*HC:20610*80.61*70.61**1~DTM*472*20260214~SVC*HC:45380*525.22*459.00**1~DTM*472*20260215~CAS*CO*45*39.91~CLP*PCN03302*1*248.14*190.13*0.00*MC*CLM03302*11*1~NM1*85*2*TEST BILLING*****XX*1234567893~N4*AUSTIN*TX*78701~NM1*82*1*DOE*JANE****XX*1098765432~DTM*232*20260202~SVC*HC:99214:25*167.53*125.17**1~DTM*472*20260215~CAS*CO*45*13.91~SVC*HC:20610*80.61*64.96**1~DTM*472*20260216~CAS*CO*45*5.65~CLP*PCN03303*1*725.41*547.87*0.00*MC*CLM03303*11*1~NM1*85*2*TEST BILLING*****XX*1234567893~N4*AUSTIN*TX*78701~NM1*82*1*DOE*JANE****XX*1098765432~DTM*232*20260203~SVC*HC:45380*607.57*449.02**1~DTM*472*20260216~CAS*CO*45*49.89~SVC*HC:20611*117.84*98.85**1~DTM*472*20260217~CAS*CO*45*8.60~SE*40*0033~GE*1*1~IEA*1*000000001~
