ISA*00*          *00*          *ZZ*SENDERID       *ZZ*RECEIVERID     *260317*1200*^*00501*000000001*0*T*:~GS*HP*SENDER*RECEIVER*20260317*1200*1*X*005010X221A1~ST*835*0050~BPR*I*150.53*C*CHK************20260317~TRN*1*100050*1512345678~N1*PR*MEDICARE PART B*PI*MEDICARE~CLP*PCN05001*1*25.28*15.28*0.00*MC*CLM05001*11*1~NM1*85*2*TEST BILLING*****XX*1234567893~N4*DALLAS*TX*75201~NM1*82*1*DOE*JANE****XX*1098765432~DTM*232*20260201~SVC*HC:93000*25.28*15.28**1~DTM*472*20260211~CLP*PCN05002*1*166.22*135.25*0.00*MC*CLM05002*11*1~NM1*85*2*TEST BILLING*****XX*1234567893~N4*DALLAS*TX*75201~NM1*82*1*DOE*JANE****XX*1098765432~DTM*232*20260202~SVC*HC:99214:25*166.22*135.25**1~DTM*472*20260212~SE*22*0050~GE*1*1~IEA*1*000000001~
