ISA*00*          *00*          *ZZ*SENDERID       *ZZ*RECEIVERID     *260317*1200*^*00501*000000001*0*T*:~GS*HP*SENDER*RECEIVER*20260317*1200*1*X*005010X221A1~ST*835*0069~BPR*I*165.10*C*CHK************20260317~TRN*1*100069*1512345678~N1*PR*MEDICARE PART B*PI*MEDICARE~CLP*PCN06901*1*79.52*54.62*13.65*MC*CLM06901*11*1~NM1*85*2*TEST BILLING*****XX*1234567893~N4*DALLAS*TX*75201~NM1*82*1*DOE*JANE****XX*1098765432~DTM*232*20260201~SVC*HC:20610*79.52*54.62**1~DTM*472*20260210~CAS*PR*2*13.65~CLP*PCN06902*1*170.43*110.48*27.62*MC*CLM06902*11*1~NM1*85*2*TEST BILLING*****XX*1234567893~N4*DALLAS*TX*75201~NM1*82*1*DOE*JANE****XX*1098765432~DTM*232*20260202~SVC*HC:12002*170.43*110.48**1~DTM*472*20260211~CAS*PR*2*27.62~SE*24*0069~GE*1*1~IEA*1*000000001~
