ISA*00*          *00*          *ZZ*SENDERID       *ZZ*RECEIVERID     *260317*1200*^*00501*000000001*0*T*:~GS*HP*SENDER*RECEIVER*20260317*1200*1*X*005010X221A1~ST*835*0015~BPR*I*105.48*C*CHK************20260317~TRN*1*100015*1512345678~N1*PR*MEDICARE PART B*PI*MEDICARE~CLP*PCN01501*1*82.23*74.14*0.00*MC*CLM01501*11*1~NM1*85*2*TEST BILLING*****XX*1234567893~N4*AUSTIN*TX*78701~NM1*82*1*DOE*JANE****XX*1098765432~DTM*232*20260201~SVC*HC:20610*82.23*74.14**1~DTM*472*20260216~CAS*OA*94*0.00~CLP*PCN01502*1*39.85*31.34*0.00*MC*CLM01502*11*1~NM1*85*2*TEST BILLING*****XX*1234567893~N4*AUSTIN*TX*78701~NM1*82*1*DOE*JANE****XX*1098765432~DTM*232*20260202~SVC*HC:97110*39.85*31.34**1~DTM*472*20260217~CAS*OA*94*0.00~SE*24*0015~GE*1*1~IEA*1*000000001~
