ISA*00*          *00*          *ZZ*SENDERID       *ZZ*RECEIVERID     *260317*1200*^*00501*000000001*0*T*:~GS*HP*SENDER*RECEIVER*20260317*1200*1*X*005010X221A1~ST*835*0084~BPR*I*704.34*C*CHK************20260317~TRN*1*100084*1512345678~N1*PR*MEDICARE PART B*PI*MEDICARE~CLP*PCN08401*1*111.18*89.35*0.00*MC*CLM08401*11*1~NM1*85*2*TEST BILLING*****XX*1234567893~N4*DALLAS*TX*75201~NM1*82*1*DOE*JANE****XX*1098765432~DTM*232*20260201~SVC*HC:20610*78.27*68.27**1~DTM*472*20260205~SVC*HC:71046*32.91*21.08**1~DTM*472*20260206~CAS*CO*45*1.83~CLP*PCN08402*1*712.65*532.66*0.00*MC*CLM08402*11*1~NM1*85*2*TEST BILLING*****XX*1234567893~N4*DALLAS*TX*75201~NM1*82*1*DOE*JANE****XX*1098765432~DTM*232*20260202~SVC*HC:20611*127.07*93.25**1~DTM*472*20260206~CAS*CO*45*10.36~SVC*HC:45380*585.58*439.41**1~DTM*472*20260207~CAS*CO*45*38.21~CLP*PCN08403*1*105.35*82.33*0.00*MC*CLM08403*11*1~NM1*85*2*TEST BILLING*****XX*1234567893~N4*DALLAS*TX*75201~NM1*82*1*DOE*JANE****XX*1098765432~DTM*232*20260203~SVC*HC:20610*80.07*68.27**1~DTM*472*20260207~SVC*HC:93000*25.28*14.06**1~DTM*472*20260208~CAS*CO*45*1.22~SE*39*0084~GE*1*1~IEA*1*000000001~
