ISA*00*          *00*          *ZZ*SENDERID       *ZZ*RECEIVERID     *260317*1200*^*00501*000000001*0*T*:~GS*HP*SENDER*RECEIVER*20260317*1200*1*X*005010X221A1~ST*835*0087~BPR*I*150.53*C*CHK************20260317~TRN*1*100087*1512345678~N1*PR*MEDICARE PART B*PI*MEDICARE~CLP*PCN08701*1*25.28*15.28*0.00*MC*CLM08701*11*1~NM1*85*2*TEST BILLING*****XX*1234567893~N4*DALLAS*TX*75201~NM1*82*1*DOE*JANE****XX*1098765432~DTM*232*20260201~SVC*HC:93000*25.28*15.28**1~CLP*PCN08702*1*145.25*135.25*0.00*MC*CLM08702*11*1~NM1*85*2*TEST BILLING*****XX*1234567893~N4*DALLAS*TX*75201~NM1*82*1*DOE*JANE****XX*1098765432~DTM*232*20260202~SVC*HC:99214:25*145.25*135.25**1~SE*20*0087~GE*1*1~IEA*1*000000001~
