ISA*00*          *00*          *ZZ*SENDERID       *ZZ*RECEIVERID     *260317*1200*^*00501*000000001*0*T*:~GS*HP*SENDER*RECEIVER*20260317*1200*1*X*005010X221A1~ST*835*0053~BPR*I*125.62*C*CHK************20260317~TRN*1*100053*1512345678~N1*PR*MEDICARE PART B*PI*MEDICARE~CLP*PCN05301*1*79.24*62.81*0.00*MC*CLM05301*11*1~NM1*85*2*TEST BILLING*****XX*1234567893~N4*DALLAS*TX*75201~NM1*82*1*DOE*JANE****XX*1098765432~DTM*232*20260201~SVC*HC:20610*79.24*62.81**1~DTM*472*20260214~CAS*CO*45*5.46~CLP*PCN05302*1*78.91*62.81*0.00*MC*CLM05302*11*1~NM1*85*2*TEST BILLING*****XX*1234567893~N4*DALLAS*TX*75201~NM1*82*1*DOE*JANE****XX*1098765432~DTM*232*20260202~SVC*HC:20610*78.91*62.81**1~DTM*472*20260215~CAS*CO*45*5.46~SE*24*0053~GE*1*1~IEA*1*000000001~
