ISA*00*          *00*          *ZZ*SENDERID       *ZZ*RECEIVERID     *260317*1200*^*00501*000000001*0*T*:~GS*HP*SENDER*RECEIVER*20260317*1200*1*X*005010X221A1~ST*835*0032~BPR*I*82.11*C*CHK************20260317~TRN*1*100032*1512345678~N1*PR*MEDICARE PART B*PI*MEDICARE~CLP*PCN03201*1*25.82*15.03*0.00*MC*CLM03201*11*1~NM1*85*2*TEST BILLING*****XX*1234567893~N4*AUSTIN*TX*78701~NM1*82*1*DOE*JANE****XX*1098765432~DTM*232*20260201~SVC*HC:93000:59*25.82*15.03**1~DTM*472*20260213~CAS*CO*45*0.79~CLP*PCN03202*1*80.61*67.08*0.00*MC*CLM03202*11*1~NM1*85*2*TEST BILLING*****XX*1234567893~N4*AUSTIN*TX*78701~NM1*82*1*DOE*JANE****XX*1098765432~DTM*232*20260202~SVC*HC:20610:59*80.61*67.08**1~DTM*472*20260214~CAS*CO*45*3.53~SE*24*0032~GE*1*1~IEA*1*000000001~
