ISA*00*          *00*          *ZZ*SENDERID       *ZZ*RECEIVERID     *260317*1200*^*00501*000000001*0*T*:~GS*HP*SENDER*RECEIVER*20260317*1200*1*X*005010X221A1~ST*835*0021~BPR*I*98.62*C*CHK************20260317~TRN*1*100021*1512345678~N1*PR*MEDICARE PART B*PI*MEDICARE~CLP*PCN02101*1*117.45*85.96*21.49*MC*CLM02101*11*1~NM1*85*2*TEST BILLING*****XX*1234567893~N4*AUSTIN*TX*78701~NM1*82*1*DOE*JANE****XX*1098765432~DTM*232*20260201~SVC*HC:20611*117.45*85.96**1~DTM*472*20260202~CAS*PR*2*21.49~CLP*PCN02102*1*25.82*12.66*3.16*MC*CLM02102*11*1~NM1*85*2*TEST BILLING*****XX*1234567893~N4*AUSTIN*TX*78701~NM1*82*1*DOE*JANE****XX*1098765432~DTM*232*20260202~SVC*HC:93000*25.82*12.66**1~DTM*472*20260203~CAS*PR*2*3.16~SE*24*0021~GE*1*1~IEA*1*000000001~
