ISA*00*          *00*          *ZZ*SENDERID       *ZZ*RECEIVERID     *260317*1200*^*00501*000000001*0*T*:~GS*HP*SENDER*RECEIVER*20260317*1200*1*X*005010X221A1~ST*835*0096~BPR*I*0.00*C*CHK************20260317~TRN*1*100096*1512345678~N1*PR*MEDICARE PART B*PI*MEDICARE~CLP*PCN09601*1*551.69*0.00*0.00*MC*CLM09601*11*1~NM1*85*2*TEST BILLING*****XX*1234567893~N4*DALLAS*TX*75201~NM1*82*1*DOE*JANE****XX*1098765432~DTM*232*20260201~SVC*HC:45380*551.69*0.00**1~DTM*472*20260217~CAS*CO*45*477.62~CAS*CO*16*0.00~CLP*PCN09602*1*25.28*0.00*0.00*MC*CLM09602*11*1~NM1*85*2*TEST BILLING*****XX*1234567893~N4*DALLAS*TX*75201~NM1*82*1*DOE*JANE****XX*1098765432~DTM*232*20260202~SVC*HC:93000*25.28*0.00**1~DTM*472*20260218~CAS*CO*45*15.28~CAS*CO*16*0.00~SE*26*0096~GE*1*1~IEA*1*000000001~
