ISA*00*          *00*          *ZZ*SENDERID       *ZZ*RECEIVERID     *260317*1200*^*00501*000000001*0*T*:~GS*HP*SENDER*RECEIVER*20260317*1200*1*X*005010X221A1~ST*835*0041~BPR*I*294.11*C*CHK************20260317~TRN*1*100041*1512345678~N1*PR*MEDICARE PART B*PI*MEDICARE~CLP*PCN04101*1*338.58*250.33*0.00*MC*CLM04101*11*1~NM1*85*2*TEST BILLING*****XX*1234567893~N4*AUSTIN*TX*78701~NM1*82*1*DOE*JANE****XX*1098765432~DTM*232*20260201~SVC*HC:99214:25*338.58*250.33**2~DTM*472*20260202~CAS*CO*45*27.82~CLP*PCN04102*1*58.65*43.78*0.00*MC*CLM04102*11*1~NM1*85*2*TEST BILLING*****XX*1234567893~N4*AUSTIN*TX*78701~NM1*82*1*DOE*JANE****XX*1098765432~DTM*232*20260202~SVC*HC:71046*58.65*43.78**2~DTM*472*20260203~CAS*CO*45*4.87~SE*24*0041~GE*1*1~IEA*1*000000001~
