ISA*00*          *00*          *ZZ*SENDERID       *ZZ*RECEIVERID     *260317*1200*^*00501*000000001*0*T*:~GS*HP*SENDER*RECEIVER*20260317*1200*1*X*005010X221A1~ST*835*0093~BPR*I*0.00*C*CHK************20260317~TRN*1*100093*1512345678~N1*PR*MEDICARE PART B*PI*MEDICARE~CLP*PCN09301*1*122.88*0.00*0.00*MC*CLM09301*11*1~NM1*85*2*TEST BILLING*****XX*1234567893~N4*DALLAS*TX*75201~NM1*82*1*DOE*JANE****XX*1098765432~DTM*232*20260201~SVC*HC:20611*122.88*0.00**1~DTM*472*20260214~CAS*CO*45*103.61~CAS*CO*16*0.00~CLP*PCN09302*1*113.61*0.00*0.00*MC*CLM09302*11*1~NM1*85*2*TEST BILLING*****XX*1234567893~N4*DALLAS*TX*75201~NM1*82*1*DOE*JANE****XX*1098765432~DTM*232*20260202~SVC*HC:20611*113.61*0.00**1~DTM*472*20260215~CAS*CO*45*103.61~CAS*CO*16*0.00~SE*26*0093~GE*1*1~IEA*1*000000001~
