ISA*00*          *00*          *ZZ*SENDERID       *ZZ*RECEIVERID     *260317*1200*^*00501*000000001*0*T*:~GS*HP*SENDER*RECEIVER*20260317*1200*1*X*005010X221A1~ST*835*0077~BPR*I*552.17*C*CHK************20260317~TRN*1*100077*1512345678~N1*PR*MEDICARE PART B*PI*MEDICARE~CLP*PCN07701*1*530.48*453.74*0.00*MC*CLM07701*11*1~NM1*85*2*TEST BILLING*****XX*1234567893~N4*DALLAS*TX*75201~NM1*82*1*DOE*JANE****XX*1098765432~DTM*232*20260201~SVC*HC:45380:59*530.48*453.74**1~DTM*472*20260218~CAS*CO*45*23.88~CLP*PCN07702*1*127.36*98.43*0.00*MC*CLM07702*11*1~NM1*85*2*TEST BILLING*****XX*1234567893~N4*DALLAS*TX*75201~NM1*82*1*DOE*JANE****XX*1098765432~DTM*232*20260202~SVC*HC:20611:59*127.36*98.43**1~DTM*472*20260219~CAS*CO*45*5.18~SE*24*0077~GE*1*1~IEA*1*000000001~
