ISA*00*          *00*          *ZZ*SENDERID       *ZZ*RECEIVERID     *260317*1200*^*00501*000000001*0*T*:~GS*HP*SENDER*RECEIVER*20260317*1200*1*X*005010X221A1~ST*835*0039~BPR*I*131.78*C*CHK************20260317~TRN*1*100039*1512345678~N1*PR*MEDICARE PART B*PI*MEDICARE~CLP*PCN03901*1*117.45*107.45*0.00*MC*CLM03901*11*1~NM1*85*2*TEST BILLING*****XX*1234567893~N4*AUSTIN*TX*78701~NM1*82*1*DOE*JANE****XX*1098765432~DTM*232*20260201~SVC*HC:20611*117.45*107.45**1~CLP*PCN03902*1*34.33*24.33*0.00*MC*CLM03902*11*1~NM1*85*2*TEST BILLING*****XX*1234567893~N4*AUSTIN*TX*78701~NM1*82*1*DOE*JANE****XX*1098765432~DTM*232*20260202~SVC*HC:71046*34.33*24.33**1~SE*20*0039~GE*1*1~IEA*1*000000001~
