ISA*00*          *00*          *ZZ*SENDERID       *ZZ*RECEIVERID     *260317*1200*^*00501*000000001*0*T*:~GS*HP*SENDER*RECEIVER*20260317*1200*1*X*005010X221A1~ST*835*0011~BPR*I*60.50*C*CHK************20260317~TRN*1*100011*1512345678~N1*PR*MEDICARE PART B*PI*MEDICARE~CLP*PCN01101*1*25.82*11.07*0.00*MC*CLM01101*11*1~NM1*85*2*TEST BILLING*****XX*1234567893~N4*AUSTIN*TX*78701~NM1*82*1*DOE*JANE****XX*1098765432~DTM*232*20260201~SVC*HC:93000*25.82*11.07**1~DTM*472*20260212~CAS*CO*45*4.75~CLP*PCN01102*1*84.64*49.43*0.00*MC*CLM01102*11*1~NM1*85*2*TEST BILLING*****XX*1234567893~N4*AUSTIN*TX*78701~NM1*82*1*DOE*JANE****XX*1098765432~DTM*232*20260202~SVC*HC:20610*84.64*49.43**1~DTM*472*20260213~CAS*CO*45*21.18~SE*24*0011~GE*1*1~IEA*1*000000001~
