ISA*00*          *00*          *ZZ*SENDERID       *ZZ*RECEIVERID     *260317*1200*^*00501*000000001*0*T*:~GS*HP*SENDER*RECEIVER*20260317*1200*1*X*005010X221A1~ST*835*0089~BPR*I*289.82*C*CHK************20260317~TRN*1*100089*1512345678~N1*PR*MEDICARE PART B*PI*MEDICARE~CLP*PCN08901*1*55.82*41.24*0.00*MC*CLM08901*11*1~NM1*85*2*TEST BILLING*****XX*1234567893~N4*DALLAS*TX*75201~NM1*82*1*DOE*JANE****XX*1098765432~DTM*232*20260201~SVC*HC:71046*55.82*41.24**2~DTM*472*20260210~CAS*CO*45*4.58~CLP*PCN08902*1*343.79*248.58*0.00*MC*CLM08902*11*1~NM1*85*2*TEST BILLING*****XX*1234567893~N4*DALLAS*TX*75201~NM1*82*1*DOE*JANE****XX*1098765432~DTM*232*20260202~SVC*HC:12002*343.79*248.58**2~DTM*472*20260211~CAS*CO*45*27.62~SE*24*0089~GE*1*1~IEA*1*000000001~
