ISA*00*          *00*          *ZZ*SENDERID       *ZZ*RECEIVERID     *260317*1200*^*00501*000000001*0*T*:~GS*HP*SENDER*RECEIVER*20260317*1200*1*X*005010X221A1~ST*835*0030~BPR*I*610.67*C*CHK************20260317~TRN*1*100030*1512345678~N1*PR*MEDICARE PART B*PI*MEDICARE~CLP*PCN03001*1*593.14*473.96*0.00*MC*CLM03001*11*1~NM1*85*2*TEST BILLING*****XX*1234567893~N4*AUSTIN*TX*78701~NM1*82*1*DOE*JANE****XX*1098765432~DTM*232*20260201~SVC*HC:45380:59*593.14*473.96**1~DTM*472*20260211~CAS*CO*45*24.95~CLP*PCN03002*1*167.77*136.71*0.00*MC*CLM03002*11*1~NM1*85*2*TEST BILLING*****XX*1234567893~N4*AUSTIN*TX*78701~NM1*82*1*DOE*JANE****XX*1098765432~DTM*232*20260202~SVC*HC:12002:59*167.77*136.71**1~DTM*472*20260212~CAS*CO*45*7.20~SE*24*0030~GE*1*1~IEA*1*000000001~
