ISA*00*          *00*          *ZZ*SENDERID       *ZZ*RECEIVERID     *260317*1200*^*00501*000000001*0*T*:~GS*HP*SENDER*RECEIVER*20260317*1200*1*X*005010X221A1~ST*835*0061~BPR*I*172.55*C*CHK************20260317~TRN*1*100061*1512345678~N1*PR*MEDICARE PART B*PI*MEDICARE~CLP*PCN06101*1*39.09*30.54*0.00*MC*CLM06101*11*1~NM1*85*2*TEST BILLING*****XX*1234567893~N4*DALLAS*TX*75201~NM1*82*1*DOE*JANE****XX*1098765432~DTM*232*20260201~SVC*HC:97110*39.09*30.54**1~DTM*472*20260202~CAS*OA*94*0.00~CLP*PCN06102*1*164.41*142.01*0.00*MC*CLM06102*11*1~NM1*85*2*TEST BILLING*****XX*1234567893~N4*DALLAS*TX*75201~NM1*82*1*DOE*JANE****XX*1098765432~DTM*232*20260202~SVC*HC:99214:25*164.41*142.01**1~DTM*472*20260203~CAS*OA*94*0.00~SE*24*0061~GE*1*1~IEA*1*000000001~
