ISA*00*          *00*          *ZZ*SENDERID       *ZZ*RECEIVERID     *260317*1200*^*00501*000000001*0*T*:~GS*HP*SENDER*RECEIVER*20260317*1200*1*X*005010X221A1~ST*835*0003~BPR*I*31.64*C*CHK************20260317~TRN*1*100003*1512345678~N1*PR*MEDICARE PART B*PI*MEDICARE~CLP*PCN00301*1*25.82*15.82*0.00*MC*CLM00301*11*1~NM1*85*2*TEST BILLING*****XX*1234567893~N4*AUSTIN*TX*78701~NM1*82*1*DOE*JANE****XX*1098765432~DTM*232*20260201~SVC*HC:93000*25.82*15.82**1~DTM*472*20260204~CLP*PCN00302*1*25.82*15.82*0.00*MC*CLM00302*11*1~NM1*85*2*TEST BILLING*****XX*1234567893~N4*AUSTIN*TX*78701~NM1*82*1*DOE*JANE****XX*1098765432~DTM*232*20260202~SVC*HC:93000*25.82*15.82**1~DTM*472*20260205~SE*22*0003~GE*1*1~IEA*1*000000001~
