ISA*00*          *00*          *ZZ*SENDERID       *ZZ*RECEIVERID     *260317*1200*^*00501*000000001*0*T*:~GS*HP*SENDER*RECEIVER*20260317*1200*1*X*005010X221A1~ST*835*0044~BPR*I*1148.36*C*CHK************20260317~TRN*1*100044*1512345678~N1*PR*MEDICARE PART B*PI*MEDICARE~CLP*PCN04401*1*1224.12*898.03*0.00*MC*CLM04401*11*1~NM1*85*2*TEST BILLING*****XX*1234567893~N4*AUSTIN*TX*78701~NM1*82*1*DOE*JANE****XX*1098765432~DTM*232*20260201~SVC*HC:45380*1224.12*898.03**2~DTM*472*20260205~CAS*CO*45*99.78~CLP*PCN04402*1*304.52*250.33*0.00*MC*CLM04402*11*1~NM1*85*2*TEST BILLING*****XX*1234567893~N4*AUSTIN*TX*78701~NM1*82*1*DOE*JANE****XX*1098765432~DTM*232*20260202~SVC*HC:99214:25*304.52*250.33**2~DTM*472*20260206~CAS*CO*45*27.82~SE*24*0044~GE*1*1~IEA*1*000000001~
