ISA*00*          *00*          *ZZ*SENDERID       *ZZ*RECEIVERID     *260317*1200*^*00501*000000001*0*T*:~GS*HP*SENDER*RECEIVER*20260317*1200*1*X*005010X221A1~ST*835*0056~BPR*I*254.10*C*CHK************20260317~TRN*1*100056*1512345678~N1*PR*MEDICARE PART B*PI*MEDICARE~CLP*PCN05601*1*172.49*127.05*0.00*MC*CLM05601*11*1~NM1*85*2*TEST BILLING*****XX*1234567893~N4*DALLAS*TX*75201~NM1*82*1*DOE*JANE****XX*1098765432~DTM*232*20260201~SVC*HC:12002*172.49*127.05**1~DTM*472*20260217~CAS*CO*45*11.05~CLP*PCN05602*1*155.69*127.05*0.00*MC*CLM05602*11*1~NM1*85*2*TEST BILLING*****XX*1234567893~N4*DALLAS*TX*75201~NM1*82*1*DOE*JANE****XX*1098765432~DTM*232*20260202~SVC*HC:12002*155.69*127.05**1~DTM*472*20260218~CAS*CO*45*11.05~SE*24*0056~GE*1*1~IEA*1*000000001~
