ISA*00*          *00*          *ZZ*SENDERID       *ZZ*RECEIVERID     *260317*1200*^*00501*000000001*0*T*:~GS*HP*SENDER*RECEIVER*20260317*1200*1*X*005010X221A1~ST*835*0082~BPR*I*1176.40*C*CHK************20260317~TRN*1*100082*1512345678~N1*PR*MEDICARE PART B*PI*MEDICARE~CLP*PCN08201*1*110.62*76.56*0.00*MC*CLM08201*11*1~NM1*85*2*TEST BILLING*****XX*1234567893~N4*DALLAS*TX*75201~NM1*82*1*DOE*JANE****XX*1098765432~DTM*232*20260201~SVC*HC:93000*25.28*13.75**1~DTM*472*20260203~CAS*CO*45*1.53~SVC*HC:20610*85.34*62.81**1~DTM*472*20260204~CAS*CO*45*5.46~CLP*PCN08202*1*666.92*574.66*0.00*MC*CLM08202*11*1~NM1*85*2*TEST BILLING*****XX*1234567893~N4*DALLAS*TX*75201~NM1*82*1*DOE*JANE****XX*1098765432~DTM*232*20260202~SVC*HC:99214:25*148.43*135.25**1~DTM*472*20260204~SVC*HC:45380*518.49*439.41**1~DTM*472*20260205~CAS*CO*45*38.21~CLP*PCN08203*1*700.84*525.18*0.00*MC*CLM08203*11*1~NM1*85*2*TEST BILLING*****XX*1234567893~N4*DALLAS*TX*75201~NM1*82*1*DOE*JANE****XX*1098765432~DTM*232*20260203~SVC*HC:45380*587.23*429.86**1~DTM*472*20260205~CAS*CO*45*47.76~SVC*HC:20611*113.61*95.32**1~DTM*472*20260206~CAS*CO*45*8.29~SE*40*0082~GE*1*1~IEA*1*000000001~
