ISA*00*          *00*          *ZZ*SENDERID       *ZZ*RECEIVERID     *260317*1200*^*00501*000000001*0*T*:~GS*HP*SENDER*RECEIVER*20260317*1200*1*X*005010X221A1~ST*835*0045~BPR*I*0.00*C*CHK************20260317~TRN*1*100045*1512345678~N1*PR*MEDICARE PART B*PI*MEDICARE~CLP*PCN04501*1*25.82*0.00*0.00*MC*CLM04501*11*1~NM1*85*2*TEST BILLING*****XX*1234567893~N4*AUSTIN*TX*78701~NM1*82*1*DOE*JANE****XX*1098765432~DTM*232*20260201~SVC*HC:93000*25.82*0.00**1~DTM*472*20260206~CAS*CO*45*15.82~CAS*CO*16*0.00~CLP*PCN04502*1*176.36*0.00*0.00*MC*CLM04502*11*1~NM1*85*2*TEST BILLING*****XX*1234567893~N4*AUSTIN*TX*78701~NM1*82*1*DOE*JANE****XX*1098765432~DTM*232*20260202~SVC*HC:12002*176.36*0.00**1~DTM*472*20260207~CAS*CO*45*143.91~CAS*CO*16*0.00~SE*26*0045~GE*1*1~IEA*1*000000001~
