ISA*00*          *00*          *ZZ*SENDERID       *ZZ*RECEIVERID     *260317*1200*^*00501*000000001*0*T*:~GS*HP*SENDER*RECEIVER*20260317*1200*1*X*005010X221A1~ST*835*0075~BPR*I*445.91*C*CHK************20260317~TRN*1*100075*1512345678~N1*PR*MEDICARE PART B*PI*MEDICARE~CLP*PCN07501*1*505.05*420.31*0.00*MC*CLM07501*11*1~NM1*85*2*TEST BILLING*****XX*1234567893~N4*DALLAS*TX*75201~NM1*82*1*DOE*JANE****XX*1098765432~DTM*232*20260201~SVC*HC:45380*505.05*420.31**1~DTM*472*20260216~CAS*CO*45*57.31~CLP*PCN07502*1*39.09*25.60*0.00*MC*CLM07502*11*1~NM1*85*2*TEST BILLING*****XX*1234567893~N4*DALLAS*TX*75201~NM1*82*1*DOE*JANE****XX*1098765432~DTM*232*20260202~SVC*HC:97110*39.09*25.60**1~DTM*472*20260217~CAS*CO*45*3.49~SE*24*0075~GE*1*1~IEA*1*000000001~
