ISA*00*          *00*          *ZZ*SENDERID       *ZZ*RECEIVERID     *260317*1200*^*00501*000000001*0*T*:~GS*HP*SENDER*RECEIVER*20260317*1200*1*X*005010X221A1~ST*835*0029~BPR*I*51.47*C*CHK************20260317~TRN*1*100029*1512345678~N1*PR*MEDICARE PART B*PI*MEDICARE~CLP*PCN02901*1*34.33*23.11*0.00*MC*CLM02901*11*1~NM1*85*2*TEST BILLING*****XX*1234567893~N4*AUSTIN*TX*78701~NM1*82*1*DOE*JANE****XX*1098765432~DTM*232*20260201~SVC*HC:71046:59*34.33*23.11**1~DTM*472*20260210~CAS*CO*45*1.22~CLP*PCN02902*1*39.85*28.36*0.00*MC*CLM02902*11*1~NM1*85*2*TEST BILLING*****XX*1234567893~N4*AUSTIN*TX*78701~NM1*82*1*DOE*JANE****XX*1098765432~DTM*232*20260202~SVC*HC:97110:59*39.85*28.36**1~DTM*472*20260211~CAS*CO*45*1.49~SE*24*0029~GE*1*1~IEA*1*000000001~
