ISA*00*          *00*          *ZZ*SENDERID       *ZZ*RECEIVERID     *260317*1200*^*00501*000000001*0*T*:~GS*HP*SENDER*RECEIVER*20260317*1200*1*X*005010X221A1~ST*835*0088~BPR*I*38.19*C*CHK************20260317~TRN*1*100088*1512345678~N1*PR*MEDICARE PART B*PI*MEDICARE~CLP*PCN08801*1*32.91*22.91*0.00*MC*CLM08801*11*1~NM1*85*2*TEST BILLING*****XX*1234567893~N4*DALLAS*TX*75201~NM1*82*1*DOE*JANE****XX*1098765432~DTM*232*20260201~SVC*HC:71046*32.91*22.91**1~CLP*PCN08802*1*25.28*15.28*0.00*MC*CLM08802*11*1~NM1*85*2*TEST BILLING*****XX*1234567893~N4*DALLAS*TX*75201~NM1*82*1*DOE*JANE****XX*1098765432~DTM*232*20260202~SVC*HC:93000*25.28*15.28**1~SE*20*0088~GE*1*1~IEA*1*000000001~
