ISA*00*          *00*          *ZZ*SENDERID       *ZZ*RECEIVERID     *260317*1200*^*00501*000000001*0*T*:~GS*HP*SENDER*RECEIVER*20260317*1200*1*X*005010X221A1~ST*835*0036~BPR*I*561.11*C*CHK************20260317~TRN*1*100036*1512345678~N1*PR*MEDICARE PART B*PI*MEDICARE~CLP*PCN03601*1*126.52*94.81*0.00*MC*CLM03601*11*1~NM1*85*2*TEST BILLING*****XX*1234567893~N4*AUSTIN*TX*78701~NM1*82*1*DOE*JANE****XX*1098765432~DTM*232*20260201~SVC*HC:97110*39.85*29.85**1~DTM*472*20260217~SVC*HC:20610*86.67*64.96**1~DTM*472*20260218~CAS*CO*45*5.65~CLP*PCN03602*1*289.47*237.93*0.00*MC*CLM03602*11*1~NM1*85*2*TEST BILLING*****XX*1234567893~N4*AUSTIN*TX*78701~NM1*82*1*DOE*JANE****XX*1098765432~DTM*232*20260202~SVC*HC:99214:25*169.12*139.08**1~DTM*472*20260218~SVC*HC:20611*120.35*98.85**1~DTM*472*20260219~CAS*CO*45*8.60~CLP*PCN03603*1*271.42*228.37*0.00*MC*CLM03603*11*1~NM1*85*2*TEST BILLING*****XX*1234567893~N4*AUSTIN*TX*78701~NM1*82*1*DOE*JANE****XX*1098765432~DTM*232*20260203~SVC*HC:12002*153.91*129.52**1~DTM*472*20260219~CAS*CO*45*14.39~SVC*HC:20611*117.51*98.85**1~DTM*472*20260220~CAS*CO*45*8.60~SE*39*0036~GE*1*1~IEA*1*000000001~
