ISA*00*          *00*          *ZZ*SENDERID       *ZZ*RECEIVERID     *260317*1200*^*00501*000000001*0*T*:~GS*HP*SENDER*RECEIVER*20260317*1200*1*X*005010X221A1~ST*835*0092~BPR*I*79.87*C*CHK************20260317~TRN*1*100092*1512345678~N1*PR*MEDICARE PART B*PI*MEDICARE~CLP*PCN09201*1*68.32*52.36*0.00*MC*CLM09201*11*1~NM1*85*2*TEST BILLING*****XX*1234567893~N4*DALLAS*TX*75201~NM1*82*1*DOE*JANE****XX*1098765432~DTM*232*20260201~SVC*HC:97110*68.32*52.36**2~DTM*472*20260213~CAS*CO*45*5.82~CLP*PCN09202*1*40.57*27.51*0.00*MC*CLM09202*11*1~NM1*85*2*TEST BILLING*****XX*1234567893~N4*DALLAS*TX*75201~NM1*82*1*DOE*JANE****XX*1098765432~DTM*232*20260202~SVC*HC:93000*40.57*27.51**2~DTM*472*20260214~CAS*CO*45*3.06~SE*24*0092~GE*1*1~IEA*1*000000001~
