ISA*00*          *00*          *ZZ*SENDERID       *ZZ*RECEIVERID     *260317*1200*^*00501*000000001*0*T*:~GS*HP*SENDER*RECEIVER*20260317*1200*1*X*005010X221A1~ST*835*0040~BPR*I*251.36*C*CHK************20260317~TRN*1*100040*1512345678~N1*PR*MEDICARE PART B*PI*MEDICARE~CLP*PCN04001*1*118.37*107.45*0.00*MC*CLM04001*11*1~NM1*85*2*TEST BILLING*****XX*1234567893~N4*AUSTIN*TX*78701~NM1*82*1*DOE*JANE****XX*1098765432~DTM*232*20260201~SVC*HC:20611*118.37*107.45**1~CLP*PCN04002*1*166.35*143.91*0.00*MC*CLM04002*11*1~NM1*85*2*TEST BILLING*****XX*1234567893~N4*AUSTIN*TX*78701~NM1*82*1*DOE*JANE****XX*1098765432~DTM*232*20260202~SVC*HC:12002*166.35*143.91**1~SE*20*0040~GE*1*1~IEA*1*000000001~
