ISA*00*          *00*          *ZZ*SENDERID       *ZZ*RECEIVERID     *260317*1200*^*00501*000000001*0*T*:~GS*HP*SENDER*RECEIVER*20260317*1200*1*X*005010X221A1~ST*835*0085~BPR*I*118.89*C*CHK************20260317~TRN*1*100085*1512345678~N1*PR*MEDICARE PART B*PI*MEDICARE~CLP*PCN08501*1*25.28*15.28*0.00*MC*CLM08501*11*1~NM1*85*2*TEST BILLING*****XX*1234567893~N4*DALLAS*TX*75201~NM1*82*1*DOE*JANE****XX*1098765432~DTM*232*20260201~SVC*HC:93000*25.28*15.28**1~CLP*PCN08502*1*121.74*103.61*0.00*MC*CLM08502*11*1~NM1*85*2*TEST BILLING*****XX*1234567893~N4*DALLAS*TX*75201~NM1*82*1*DOE*JANE****XX*1098765432~DTM*232*20260202~SVC*HC:20611*121.74*103.61**1~SE*20*0085~GE*1*1~IEA*1*000000001~
