ISA*00*          *00*          *ZZ*SENDERID       *ZZ*RECEIVERID     *260317*1200*^*00501*000000001*0*T*:~GS*HP*SENDER*RECEIVER*20260317*1200*1*X*005010X221A1~ST*835*0051~BPR*I*167.19*C*CHK************20260317~TRN*1*100051*1512345678~N1*PR*MEDICARE PART B*PI*MEDICARE~CLP*PCN05101*1*39.09*29.09*0.00*MC*CLM05101*11*1~NM1*85*2*TEST BILLING*****XX*1234567893~N4*DALLAS*TX*75201~NM1*82*1*DOE*JANE****XX*1098765432~DTM*232*20260201~SVC*HC:97110*39.09*29.09**1~DTM*472*20260212~CLP*PCN05102*1*165.99*138.10*0.00*MC*CLM05102*11*1~NM1*85*2*TEST BILLING*****XX*1234567893~N4*DALLAS*TX*75201~NM1*82*1*DOE*JANE****XX*1098765432~DTM*232*20260202~SVC*HC:12002*165.99*138.10**1~DTM*472*20260213~SE*22*0051~GE*1*1~IEA*1*000000001~
