ISA*00*          *00*          *ZZ*SENDERID       *ZZ*RECEIVERID     *260317*1200*^*00501*000000001*0*T*:~GS*HP*SENDER*RECEIVER*20260317*1200*1*X*005010X221A1~ST*835*0080~BPR*I*120.19*C*CHK************20260317~TRN*1*100080*1512345678~N1*PR*MEDICARE PART B*PI*MEDICARE~CLP*PCN08001*1*32.91*21.76*0.00*MC*CLM08001*11*1~NM1*85*2*TEST BILLING*****XX*1234567893~N4*DALLAS*TX*75201~NM1*82*1*DOE*JANE****XX*1098765432~DTM*232*20260201~SVC*HC:71046:59*32.91*21.76**1~DTM*472*20260201~CAS*CO*45*1.15~CLP*PCN08002*1*113.61*98.43*0.00*MC*CLM08002*11*1~NM1*85*2*TEST BILLING*****XX*1234567893~N4*DALLAS*TX*75201~NM1*82*1*DOE*JANE****XX*1098765432~DTM*232*20260202~SVC*HC:20611:59*113.61*98.43**1~DTM*472*20260202~CAS*CO*45*5.18~SE*24*0080~GE*1*1~IEA*1*000000001~
