ISA*00*          *00*          *ZZ*SENDERID       *ZZ*RECEIVERID     *260317*1200*^*00501*000000001*0*T*:~GS*HP*SENDER*RECEIVER*20260317*1200*1*X*005010X221A1~ST*835*0094~BPR*I*0.00*C*CHK************20260317~TRN*1*100094*1512345678~N1*PR*MEDICARE PART B*PI*MEDICARE~CLP*PCN09401*1*32.91*0.00*0.00*MC*CLM09401*11*1~NM1*85*2*TEST BILLING*****XX*1234567893~N4*DALLAS*TX*75201~NM1*82*1*DOE*JANE****XX*1098765432~DTM*232*20260201~SVC*HC:71046*32.91*0.00**1~DTM*472*20260215~CAS*CO*45*22.91~CAS*CO*16*0.00~CLP*PCN09402*1*510.71*0.00*0.00*MC*CLM09402*11*1~NM1*85*2*TEST BILLING*****XX*1234567893~N4*DALLAS*TX*75201~NM1*82*1*DOE*JANE****XX*1098765432~DTM*232*20260202~SVC*HC:45380*510.71*0.00**1~DTM*472*20260216~CAS*CO*45*477.62~CAS*CO*16*0.00~SE*26*0094~GE*1*1~IEA*1*000000001~
