ISA*00*          *00*          *ZZ*SENDERID       *ZZ*RECEIVERID     *260317*1200*^*00501*000000001*0*T*:~GS*HP*SENDER*RECEIVER*20260317*1200*1*X*005010X221A1~ST*835*0006~BPR*I*481.38*C*CHK************20260317~TRN*1*100006*1512345678~N1*PR*MEDICARE PART B*PI*MEDICARE~CLP*PCN00601*1*34.33*22.38*0.00*MC*CLM00601*11*1~NM1*85*2*TEST BILLING*****XX*1234567893~N4*AUSTIN*TX*78701~NM1*82*1*DOE*JANE****XX*1098765432~DTM*232*20260201~SVC*HC:71046*34.33*22.38**1~DTM*472*20260207~CAS*CO*45*1.95~CLP*PCN00602*1*576.77*459.00*0.00*MC*CLM00602*11*1~NM1*85*2*TEST BILLING*****XX*1234567893~N4*AUSTIN*TX*78701~NM1*82*1*DOE*JANE****XX*1098765432~DTM*232*20260202~SVC*HC:45380*576.77*459.00**1~DTM*472*20260208~CAS*CO*45*39.91~SE*24*0006~GE*1*1~IEA*1*000000001~
