ISA*00*          *00*          *ZZ*SENDERID       *ZZ*RECEIVERID     *260317*1200*^*00501*000000001*0*T*:~GS*HP*SENDER*RECEIVER*20260317*1200*1*X*005010X221A1~ST*835*0016~BPR*I*263.93*C*CHK************20260317~TRN*1*100016*1512345678~N1*PR*MEDICARE PART B*PI*MEDICARE~CLP*PCN01601*1*134.06*112.82*0.00*MC*CLM01601*11*1~NM1*85*2*TEST BILLING*****XX*1234567893~N4*AUSTIN*TX*78701~NM1*82*1*DOE*JANE****XX*1098765432~DTM*232*20260201~SVC*HC:20611*134.06*112.82**1~DTM*472*20260217~CAS*OA*94*0.00~CLP*PCN01602*1*165.31*151.11*0.00*MC*CLM01602*11*1~NM1*85*2*TEST BILLING*****XX*1234567893~N4*AUSTIN*TX*78701~NM1*82*1*DOE*JANE****XX*1098765432~DTM*232*20260202~SVC*HC:12002*165.31*151.11**1~DTM*472*20260218~CAS*OA*94*0.00~SE*24*0016~GE*1*1~IEA*1*000000001~
