ISA*00*          *00*          *ZZ*SENDERID       *ZZ*RECEIVERID     *260317*1200*^*00501*000000001*0*T*:~GS*HP*SENDER*RECEIVER*20260317*1200*1*X*005010X221A1~ST*835*0031~BPR*I*273.42*C*CHK************20260317~TRN*1*100031*1512345678~N1*PR*MEDICARE PART B*PI*MEDICARE~CLP*PCN03101*1*162.45*136.71*0.00*MC*CLM03101*11*1~NM1*85*2*TEST BILLING*****XX*1234567893~N4*AUSTIN*TX*78701~NM1*82*1*DOE*JANE****XX*1098765432~DTM*232*20260201~SVC*HC:12002:59*162.45*136.71**1~DTM*472*20260212~CAS*CO*45*7.20~CLP*PCN03102*1*166.65*136.71*0.00*MC*CLM03102*11*1~NM1*85*2*TEST BILLING*****XX*1234567893~N4*AUSTIN*TX*78701~NM1*82*1*DOE*JANE****XX*1098765432~DTM*232*20260202~SVC*HC:12002:59*166.65*136.71**1~DTM*472*20260213~CAS*CO*45*7.20~SE*24*0031~GE*1*1~IEA*1*000000001~
