ISA*00*          *00*          *ZZ*SENDERID       *ZZ*RECEIVERID     *260317*1200*^*00501*000000001*0*T*:~GS*HP*SENDER*RECEIVER*20260317*1200*1*X*005010X221A1~ST*835*0010~BPR*I*366.27*C*CHK************20260317~TRN*1*100010*1512345678~N1*PR*MEDICARE PART B*PI*MEDICARE~CLP*PCN01001*1*536.10*349.24*0.00*MC*CLM01001*11*1~NM1*85*2*TEST BILLING*****XX*1234567893~N4*AUSTIN*TX*78701~NM1*82*1*DOE*JANE****XX*1098765432~DTM*232*20260201~SVC*HC:45380*536.10*349.24**1~DTM*472*20260211~CAS*CO*45*149.67~CLP*PCN01002*1*34.33*17.03*0.00*MC*CLM01002*11*1~NM1*85*2*TEST BILLING*****XX*1234567893~N4*AUSTIN*TX*78701~NM1*82*1*DOE*JANE****XX*1098765432~DTM*232*20260202~SVC*HC:71046*34.33*17.03**1~DTM*472*20260212~CAS*CO*45*7.30~SE*24*0010~GE*1*1~IEA*1*000000001~
