ISA*00*          *00*          *ZZ*SENDERID       *ZZ*RECEIVERID     *260317*1200*^*00501*000000001*0*T*:~GS*HP*SENDER*RECEIVER*20260317*1200*1*X*005010X221A1~ST*835*0047~BPR*I*0.00*C*CHK************20260317~TRN*1*100047*1512345678~N1*PR*MEDICARE PART B*PI*MEDICARE~CLP*PCN04701*1*618.54*0.00*0.00*MC*CLM04701*11*1~NM1*85*2*TEST BILLING*****XX*1234567893~N4*AUSTIN*TX*78701~NM1*82*1*DOE*JANE****XX*1098765432~DTM*232*20260201~SVC*HC:45380*618.54*0.00**1~DTM*472*20260208~CAS*CO*45*498.91~CAS*CO*16*0.00~CLP*PCN04702*1*80.61*0.00*0.00*MC*CLM04702*11*1~NM1*85*2*TEST BILLING*****XX*1234567893~N4*AUSTIN*TX*78701~NM1*82*1*DOE*JANE****XX*1098765432~DTM*232*20260202~SVC*HC:20610*80.61*0.00**1~DTM*472*20260209~CAS*CO*45*70.61~CAS*CO*16*0.00~SE*26*0047~GE*1*1~IEA*1*000000001~
